@online{IPCC-Headline,
  author = {IPCC},
  title = {{IPCC Report} Headline Statements},
  year = 2023,
  url = {https://www.ipcc.ch/report/ar6/syr/resources/spm-headline-statements}
}

@online{IPCC-Wildlife-Figure,
  author = {IPCC},
  title = {{IPCC Report} Figure 3.2},
  year = 2023,
  url = {https://www.ipcc.ch/report/ar6/syr/figures/figure-3-2}
}

@online{CAT,
  author = {CAT},
  title = {{Climate Action Tracker} thermometer},
  year = 2022,
  url = {https://climateactiontracker.org/global/cat-thermometer/}
}

@online{GHG-Sector,
  author = {Our World in Data},
  title = {{Greenhouse gas emissions by sector} in the world},
  year = 2019,
  url = {https://ourworldindata.org/grapher/ghg-emissions-by-sector?time=latest}
}
